@String(PAMI  = {IEEE TPAMI})
@String(IJCV  = {IJCV})
@String(CVPR  = {CVPR})
@String(ICCV  = {ICCV})
@String(ECCV  = {ECCV})
@String(NIPS  = {NeurIPS})
@String(ICPR  = {ICPR})
@String(BMVC  =	{BMVC})
@String(TOG   = {ACM TOG})
@String(TIP   = {IEEE TIP})
@String(TVCG  = {IEEE TVCG})
@String(TCSVT = {IEEE TCSVT})
@String(TMM   =	{IEEE TMM})
@String(ACMMM = {ACM MM})
@String(ICME  =	{ICME})
@String(ICASSP=	{ICASSP})
@String(ICIP  = {ICIP})
@String(ACCV  = {ACCV})
@String(ICLR  = {ICLR})
@String(IJCAI = {IJCAI})
@String(PR = {PR})
@String(AAAI = {AAAI})
@String(CVPRW= {CVPRW})
@String(CSVT = {IEEE TCSVT})



@String(PAMI = {IEEE Trans. Pattern Anal. Mach. Intell.})
@String(IJCV = {Int. J. Comput. Vis.})
@String(CVPR= {IEEE Conf. Comput. Vis. Pattern Recog.})
@String(ICCV= {Int. Conf. Comput. Vis.})
@String(ECCV= {Eur. Conf. Comput. Vis.})
@String(NIPS= {Adv. Neural Inform. Process. Syst.})
@String(ICPR = {Int. Conf. Pattern Recog.})
@String(BMVC= {Brit. Mach. Vis. Conf.})
@String(TOG= {ACM Trans. Graph.})
@String(TIP  = {IEEE Trans. Image Process.})
@String(TVCG  = {IEEE Trans. Vis. Comput. Graph.})
@String(TMM  = {IEEE Trans. Multimedia})
@String(ACMMM= {ACM Int. Conf. Multimedia})
@String(ICME = {Int. Conf. Multimedia and Expo})
@String(ICASSP=	{ICASSP})
@String(ICIP = {IEEE Int. Conf. Image Process.})
@String(ACCV  = {ACCV})
@String(ICLR = {Int. Conf. Learn. Represent.})
@String(IJCAI = {IJCAI})
@String(PR   = {Pattern Recognition})
@String(AAAI = {AAAI})
@String(CVPRW= {IEEE Conf. Comput. Vis. Pattern Recog. Worksh.})
@String(CSVT = {IEEE Trans. Circuit Syst. Video Technol.})

@String(SPL	= {IEEE Sign. Process. Letters})
@String(VR   = {Vis. Res.})
@String(JOV	 = {J. Vis.})
@String(TVC  = {The Vis. Comput.})
@String(JCST  = {J. Comput. Sci. Tech.})
@String(CGF  = {Comput. Graph. Forum})
@String(CVM = {Computational Visual Media})

@article{wang, title={Programmable Triangulation Light Curtains}, DOI={10.1007/978-3-030-01219-9_2}, journal={Computer Vision – ECCV 2018 Lecture Notes in Computer Science}, author={Wang, Jian and Bartels, Joseph and Whittaker, William and Sankaranarayanan, Aswin C. and Narasimhan, Srinivasa G.}, year={2018}, pages={20–35}}

@misc{spline, title={Spline-Based Motion Planning for Autonomous Guided Vehicles in a Dynamic Environment}, url={https://ieeexplore.ieee.org/document/8022960}, journal={IEEE Journals & Magazine}}

@article{MisraSGH16,
  author    = {Ishan Misra and
               Abhinav Shrivastava and
               Abhinav Gupta and
               Martial Hebert},
  title     = {Cross-stitch Networks for Multi-task Learning},
  journal   = {CoRR},
  volume    = {abs/1604.03539},
  year      = {2016},
  url       = {http://arxiv.org/abs/1604.03539},
  archivePrefix = {arXiv},
  eprint    = {1604.03539},
  timestamp = {Mon, 13 Aug 2018 16:46:19 +0200},
  biburl    = {https://dblp.org/rec/bib/journals/corr/MisraSGH16},
  bibsource = {dblp computer science bibliography, https://dblp.org}
}

@inproceedings{bartels2019Agile,
  title={Agile Depth Sensing Using Triangulating Light Curtains},
  author={Joe Bartels, Jian Wang, Whittaker and Srinivasa G},
  booktitle={2019 IEEE International Conference on Computer Vision (ICCV)},
  year={2019}
}

@inproceedings{wang2018programmable,
  title={Programmable Triangulation Light Curtains},
  author={Wang, Jian and Bartels, Joseph and Whittaker, William and Sankaranarayanan, Aswin C and Narasimhan, Srinivasa G},
  booktitle={Proceedings of the European Conference on Computer Vision (ECCV)},
  pages={19--34},
  year={2018}
}
@inproceedings{barry2015pushbroom,
  title={Pushbroom stereo for high-speed navigation in cluttered environments},
  author={Barry, Andrew J and Tedrake, Russ},
  booktitle={2015 IEEE International Conference on Robotics and Automation (ICRA)},
  pages={3046--3052},
  year={2015},
  organization={IEEE}
}
@article{zhang2000flexible,
  title={A flexible new technique for camera calibration},
  author={Zhang, Zhengyou},
  journal={IEEE Transactions on pattern analysis and machine intelligence},
  volume={22},
  year={2000}
}

@book{ANSILaserSafety2014,
  title={American National Standard for Safe Use of Lasers Z136.1},
  author={American National Standards Institute},
  year={2014},
  publisher={Laser Institute of America}
}

@book{numericalrecipes1992,
  title={Numerical recipes in C++},
  author={Press, William H and Teukolsky, Saul A and Vetterling, William T and Flannery, Brian P},
  publisher={Cambridge University Press},
  volume={3},
  pages={1117-1118},
  year={2007}
}
@INPROCEEDINGS{sanjeevRSS18, 
    AUTHOR    = {Zaid Tasneem AND Dingkang Wang AND Huikai Xie AND Koppal Sanjeev}, 
    TITLE     = {Directionally Controlled Time-of-Flight Ranging for Mobile Sensing Platforms}, 
    BOOKTITLE = {Proceedings of Robotics: Science and Systems}, 
    YEAR      = {2018}, 
    ADDRESS   = {Pittsburgh, Pennsylvania}, 
    MONTH     = {June}, 
    DOI       = {10.15607/RSS.2018.XIV.011} 
} 

@INPROCEEDINGS{deluca2012, 
author={Alessandro De Luca and Fabrizio Flacco}, 
booktitle={2012 4th IEEE RAS EMBS International Conference on Biomedical Robotics and Biomechatronics (BioRob)}, 
title={Integrated control for pHRI: Collision avoidance, detection, reaction and collaboration}, 
year={2012}, 
volume={}, 
number={}, 
pages={288-295}, 
doi={10.1109/BioRob.2012.6290917}, 
ISSN={2155-1782}, 
month={June},}

@INPROCEEDINGS{mainprice2013, 
author={J. {Mainprice} and D. {Berenson}}, 
booktitle={2013 IEEE/RSJ International Conference on Intelligent Robots and Systems}, 
title={Human-robot collaborative manipulation planning using early prediction of human motion}, 
year={2013}, 
volume={}, 
number={}, 
pages={299-306}, 
doi={10.1109/IROS.2013.6696368}, 
ISSN={2153-0858}, 
month={Nov},}

@INPROCEEDINGS{krainin2011, 
author={Michael Krainin and Brian Curless and Dieter Fox}, 
booktitle={2011 IEEE International Conference on Robotics and Automation}, 
title={Autonomous generation of complete 3D object models using next best view manipulation planning}, 
year={2011}, 
volume={}, 
number={}, 
pages={5031-5037}, 
doi={10.1109/ICRA.2011.5980429}, 
ISSN={1050-4729}, 
month={May},}

@INPROCEEDINGS{ramisa2012, 
author={A. {Ramisa} and G. {Alenyà} and F. {Moreno-Noguer} and C. {Torras}}, 
booktitle={2012 IEEE International Conference on Robotics and Automation}, 
title={Using depth and appearance features for informed robot grasping of highly wrinkled clothes}, 
year={2012}, 
volume={}, 
number={}, 
pages={1703-1708}, 
ISSN={1050-4729}, 
month={May},}

@article{schwarz2010lidar,
  title={LIDAR: Mapping the world in 3D},
  author={Schwarz, Brent},
  journal={Nature Photonics},
  volume={4},
  number={7},
  pages={429},
  year={2010},
  publisher={Nature Publishing Group}
}

@ARTICLE{kinect2012, 
author={Zhengyou Zhang}, 
journal={IEEE MultiMedia}, 
title={Microsoft Kinect Sensor and Its Effect}, 
year={2012}, 
volume={19}, 
number={2}, 
pages={4-10}, 
doi={10.1109/MMUL.2012.24}, 
ISSN={1070-986X}, 
month={Feb},}

@INPROCEEDINGS{joydeep2012, 
author={Joydeep Biswas and Manuela Veloso}, 
booktitle={2012 IEEE International Conference on Robotics and Automation}, 
title={Depth camera based indoor mobile robot localization and navigation}, 
year={2012}, 
volume={}, 
number={}, 
pages={1697-1702}, 
ISSN={1050-4729}, 
month={May},}


@article{dolgov2010,
author = {Dmitri Dolgov and Sebastian Thrun and Michael Montemerlo and James Diebel},
title ={Path Planning for Autonomous Vehicles in Unknown Semi-structured Environments},
journal = {The International Journal of Robotics Research},
volume = {29},
number = {5},
pages = {485-501},
year = {2010},
doi = {10.1177/0278364909359210}
}

@INPROCEEDINGS{tadano2015, 
author={Ryuichi Tadano and Adithya Kumar Pediredla and Ashok Veeraraghavan}, 
booktitle={2015 IEEE International Conference on Computer Vision (ICCV)}, 
title={Depth Selective Camera: A Direct, On-Chip, Programmable Technique for Depth Selectivity in Photography}, 
year={2015}, 
volume={}, 
number={}, 
pages={3595-3603}, 
doi={10.1109/ICCV.2015.410}, 
ISSN={2380-7504}, 
month={Dec},}

@INPROCEEDINGS{choi2013, 
author={Jaebum Choi and Simon Ulbrich and Bernd Lichte and Markus Maurer}, 
booktitle={16th International IEEE Conference on Intelligent Transportation Systems (ITSC 2013)}, 
title={Multi-Target Tracking using a 3D-Lidar sensor for autonomous vehicles}, 
year={2013}, 
volume={}, 
number={}, 
pages={881-886}, 
ISSN={2153-0009}, 
month={Oct},}

@inproceedings{kasturi2016,
  title={UAV-borne lidar with MEMS mirror-based scanning capability},
  author={Kasturi, Abhishek and Milanovic, Veljko and Atwood, Bryan H and Yang, James},
  booktitle={Laser Radar Technology and Applications XXI},
  volume={9832},
  pages={98320M},
  year={2016},
  doi = {10.1117/12.2224285},
  URL = {https://doi.org/10.1117/12.2224285},
  organization={International Society for Optics and Photonics}
}

@inproceedings{baker2004,
  title={A low-noise laser-gated imaging system for long-range target identification},
  author={Baker, Ian M and Duncan, Stuart S and Copley, Jeremy W},
  booktitle={Infrared Technology and Applications XXX},
  volume={5406},
  pages={133--145},
  year={2004},
  doi = {10.1117/12.541484},
  organization={International Society for Optics and Photonics}
}

@inproceedings{grauer2015,
  title={Active gated imaging for automotive safety applications},
  author={Grauer, Yoav and Sonn, Ezri},
  booktitle={Video Surveillance and Transportation Imaging Applications 2015},
  volume={9407},
  pages={94070F},
  year={2015},
  doi = {10.1117/12.2078169},
  organization={International Society for Optics and Photonics}
}

@article{power2017guide,
  title={A guide to light-sheet fluorescence microscopy for multiscale imaging},
  author={Power, Rory M and Huisken, Jan},
  journal={Nature methods},
  volume={14},
  number={4},
  pages={360},
  year={2017},
  publisher={Nature Publishing Group}
}

@article{Baumgart12,
author = {Eugen Baumgart and Ulrich Kubitscheck},
journal = {Opt. Express},
number = {19},
pages = {21805--21814},
publisher = {OSA},
title = {Scanned light sheet microscopy with confocal slit detection},
volume = {20},
month = {Sep},
year = {2012},
url = {http://www.opticsexpress.org/abstract.cfm?URI=oe-20-19-21805},
doi = {10.1364/OE.20.021805}
}

@manual{sickmicroscan,
    organization  = "SICK",
    title         = "microScan3 - The new generation of safety laser scanners",
    year          =  2018,
    month         =  2,
    number        = "8017362"
}

@inproceedings{srinivas2005,
 author = {Narasimhan, Srinivasa G. and Nayar, Shree K. and Sun, Bo and Koppal, Sanjeev J.},
 title = {Structured Light in Scattering Media},
 booktitle = {Proceedings of the Tenth IEEE International Conference on Computer Vision (ICCV'05) Volume 1},
 series = {ICCV '05},
 year = {2005},
 isbn = {0-7695-2334-X-01},
 pages = {420--427},
 numpages = {8},
 url = {https://doi.org/10.1109/ICCV.2005.232},
 doi = {10.1109/ICCV.2005.232},
 acmid = {1097677},
 publisher = {IEEE Computer Society},
 address = {Washington, DC, USA},
} 

@inproceedings{gupta2013structured,
  title={Structured light in sunlight},
  author={Gupta, Mohit and Yin, Qi and Nayar, Shree K},
  booktitle={Proceedings of the IEEE International Conference on Computer Vision},
  pages={545--552},
  year={2013}
}

@article{episcan3d,
 author = {O'Toole, Matthew and Achar, Supreeth and Narasimhan, Srinivasa G. and Kutulakos, Kiriakos N.},
 title = {Homogeneous Codes for Energy-efficient Illumination and Imaging},
 journal = {ACM Trans. Graph.},
 issue_date = {August 2015},
 volume = {34},
 number = {4},
 month = jul,
 year = {2015},
 issn = {0730-0301},
 pages = {35:1--35:13},
 articleno = {35},
 numpages = {13},
 url = {http://doi.acm.org/10.1145/2766897},
 doi = {10.1145/2766897},
 acmid = {2766897},
 publisher = {ACM},
 address = {New York, NY, USA},
 keywords = {3D scanning, coded exposure, coded illumination, computational photography, energy efficiency, low-power imaging},
}

@article{epitof,
 author = {Achar, Supreeth and Bartels, Joseph R. and Whittaker, William L. 'Red' and Kutulakos, Kiriakos N. and Narasimhan, Srinivasa G.},
 title = {Epipolar Time-of-flight Imaging},
 journal = {ACM Trans. Graph.},
 issue_date = {July 2017},
 volume = {36},
 number = {4},
 month = jul,
 year = {2017},
 issn = {0730-0301},
 pages = {37:1--37:8},
 articleno = {37},
 numpages = {8},
 url = {http://doi.acm.org/10.1145/3072959.3073686},
 doi = {10.1145/3072959.3073686},
 acmid = {3073686},
 publisher = {ACM},
 address = {New York, NY, USA},
 keywords = {depth cameras, time-of-flight},
}

@misc{marvin1961microscopy,
  title={Microscopy apparatus},
  author={Marvin, Minsky},
  year={1961},
  month=dec # "~19",
  publisher={Google Patents},
  note={{US} Patent 3,013,467}
}

@inproceedings{elbanhawi2014continuous,
  title={Continuous-Curvature Bounded Trajectory Planning Using Parametric Splines.},
  author={Elbanhawi, Mohamed and Simic, Milan and Jazar, Reza N},
  booktitle={IDT/IIMSS/STET},
  pages={513--522},
  year={2014}
}

@inproceedings{chen2012bezier,
  title={B{\'e}zier curve based trajectory planning for an intelligent wheelchair to pass a doorway},
  author={Chen, Ling and Wang, Sen and Hu, Huosheng and McDonald-Maier, Klaus},
  booktitle={Proceedings of 2012 UKACC International Conference on Control},
  pages={339--344},
  year={2012},
  organization={IEEE}
}

@article{gonzalez2015review,
  title={A review of motion planning techniques for automated vehicles},
  author={Gonz{\'a}lez, David and P{\'e}rez, Joshu{\'e} and Milan{\'e}s, Vicente and Nashashibi, Fawzi},
  journal={IEEE Transactions on Intelligent Transportation Systems},
  volume={17},
  number={4},
  pages={1135--1145},
  year={2015},
  publisher={IEEE}
}

@inproceedings{han2010bezier,
  title={Bezier curve based path planning for autonomous vehicle in urban environment},
  author={Han, Long and Yashiro, Hironari and Nejad, Hossein Tehrani Nik and Do, Quoc Huy and Mita, Seiichi},
  booktitle={2010 IEEE Intelligent Vehicles Symposium},
  pages={1036--1042},
  year={2010},
  organization={IEEE}
}

@article{yang2013smooth,
  title={Smooth trajectory planning along Bezier curve for mobile robots with velocity constraints},
  author={Yang, Gil Jin and Choi, Byoung Wook},
  journal={International Journal of Control and Automation},
  volume={6},
  number={2},
  pages={225--234},
  year={2013}
}

@misc{Authors14,
 author = {Authors},
 title = {The frobnicatable foo filter},
 note = {Face and Gesture  submission ID 324. Supplied as additional material {\tt fg324.pdf}},
 year = 2014
}

@misc{Authors14b,
 author = {Authors},
 title = {Frobnication tutorial},
 note = {Supplied as additional material {\tt tr.pdf}},
 year = 2014
}

@article{Alpher02,
author = {A. Alpher},
title = {Frobnication},
journal = {Journal of Foo},
volume = 12, 
number = 1, 
pages = {234--778}, 
year = 2002
}

@article{Alpher03,
author = {A. Alpher and  J.~P.~N. Fotheringham-Smythe},
title = {Frobnication revisited},
journal = {Journal of Foo},
volume = 13, 
number = 1, 
pages = {234--778}, 
year = 2003
}

@article{Alpher04,
author = {A. Alpher and J.~P.~N. Fotheringham-Smythe and G. Gamow},
title = {Can a machine frobnicate?},
journal = {Journal of Foo},
volume = 14, 
number = 1, 
pages = {234--778}, 
year = 2004
}

@InProceedings{Ancha_2020_ECCV,
  author = {Ancha and Raaj and Hu and Narasimhan and Held},
  title = {Active Perception using Light Curtains for Autonomous Driving},
  booktitle = {Proceedings of the European Conference on Computer Vision (ECCV)},
  month = {September},
  year = {2020}
}

@conference{Yang-2019-118007,
author = {Gengshan Yang and Peiyun Hu and Deva Ramanan},
title = {Inferring Distributions Over Depth from a Single Image},
booktitle = {Proceedings of (IROS) IEEE/RSJ International Conference on Intelligent Robots and Systems},
year = {2019},
month = {November},
}

@article{bajcsy1988active,
  title={Active perception},
  author={Bajcsy, Ruzena},
  journal={Proceedings of the IEEE},
  volume={76},
  number={8},
  pages={966--1005},
  year={1988},
  publisher={IEEE}
}

@book{wilkes1994active,
  title={Active object recognition},
  author={Wilkes, David},
  year={1994}
}

@article{DBLP:journals/corr/BajcsyAT16,
  author    = {Ruzena Bajcsy and
               Yiannis Aloimonos and
               John K. Tsotsos},
  title     = {Revisiting Active Perception},
  journal   = {CoRR},
  volume    = {abs/1603.02729},
  year      = {2016},
  url       = {http://arxiv.org/abs/1603.02729},
  archivePrefix = {arXiv},
  eprint    = {1603.02729},
  timestamp = {Mon, 13 Aug 2018 16:46:22 +0200},
  biburl    = {https://dblp.org/rec/journals/corr/BajcsyAT16.bib},
  bibsource = {dblp computer science bibliography, https://dblp.org}
}

@article{sergey2017,
  title={Learning hand-eye coordination for robotic grasping with deep learning and large-scale data collection},
  author={Sergey Levine and Peter Pastor and Alex Krizhevsky and Julian Ibarz and Deirdre Quillen},
  year={2017}
}

@INPROCEEDINGS{7759446,
  author={E. {Arruda} and J. {Wyatt} and M. {Kopicki}},
  booktitle={2016 IEEE/RSJ International Conference on Intelligent Robots and Systems (IROS)}, 
  title={Active vision for dexterous grasping of novel objects}, 
  year={2016},
  volume={},
  number={},
  pages={2881-2888},
  doi={10.1109/IROS.2016.7759446}}

@article{coslam2012,
author = {Danping, Zou and Tan, Ping},
year = {2012},
month = {04},
pages = {},
title = {CoSLAM: collaborative visual SLAM in dynamic environments},
journal = {IEEE transactions on pattern analysis and machine intelligence},
doi = {10.1109/TPAMI.2012.104}
}

@INPROCEEDINGS{8098709,
  author={L. {von Stumberg} and V. {Usenko} and J. {Engel} and J. {Stückler} and D. {Cremers}},
  booktitle={2017 European Conference on Mobile Robots (ECMR)}, 
  title={From monocular SLAM to autonomous drone exploration}, 
  year={2017},
  volume={},
  number={},
  pages={1-8},
  doi={10.1109/ECMR.2017.8098709}}

@article{DBLP:journals/corr/abs-1811-08067,
  author    = {Ricson Cheng and
               Arpit Agarwal and
               Katerina Fragkiadaki},
  title     = {Reinforcement Learning of Active Vision forManipulating Objects under
               Occlusions},
  journal   = {CoRR},
  volume    = {abs/1811.08067},
  year      = {2018},
  url       = {http://arxiv.org/abs/1811.08067},
  archivePrefix = {arXiv},
  eprint    = {1811.08067},
  timestamp = {Mon, 26 Nov 2018 12:52:45 +0100},
  biburl    = {https://dblp.org/rec/journals/corr/abs-1811-08067.bib},
  bibsource = {dblp computer science bibliography, https://dblp.org}
}

@INPROCEEDINGS{7989679,
  author={D. {Falanga} and E. {Mueggler} and M. {Faessler} and D. {Scaramuzza}},
  booktitle={2017 IEEE International Conference on Robotics and Automation (ICRA)}, 
  title={Aggressive quadrotor flight through narrow gaps with onboard sensing and computing using active vision}, 
  year={2017},
  volume={},
  number={},
  pages={5774-5781},
  doi={10.1109/ICRA.2017.7989679}}

@INPROCEEDINGS{9105252,
  author={A. W. {Bergman} and D. B. {Lindell} and G. {Wetzstein}},
  booktitle={2020 IEEE International Conference on Computational Photography (ICCP)}, 
  title={Deep Adaptive LiDAR: End-to-end Optimization of Sampling and Depth Completion at Low Sampling Rates}, 
  year={2020},
  volume={},
  number={},
  pages={1-11},
  doi={10.1109/ICCP48838.2020.9105252}}

@INPROCEEDINGS{4587671,
  author={D. {Gallup} and J. {Frahm} and P. {Mordohai} and M. {Pollefeys}},
  booktitle={2008 IEEE Conference on Computer Vision and Pattern Recognition}, 
  title={Variable baseline/resolution stereo}, 
  year={2008},
  volume={},
  number={},
  pages={1-8},
  doi={10.1109/CVPR.2008.4587671}}

@article{Nakabo2005VariableBS,
  title={Variable Baseline Stereo Tracking Vision System Using High-Speed Linear Slider},
  author={Y. Nakabo and Toshiharu Mukai and Yusuke Hattori and Y. Takeuchi and N. Ohnishi},
  journal={Proceedings of the 2005 IEEE International Conference on Robotics and Automation},
  year={2005},
  pages={1567-1572}
}

@article{Mohamed2018ActiveSP,
  title={Active stereo platform: online epipolar geometry update},
  author={Abdulla Mohamed and P. Culverhouse and A. Cangelosi and C. Yang},
  journal={EURASIP Journal on Image and Video Processing},
  year={2018},
  volume={2018},
  pages={1-16}
}

@inproceedings{Schneider2018VisuallyGV,
  title={Visually guided vergence in a new stereo camera system},
  author={A. Schneider and N. Sharma and Bryan Tripp},
  year={2018}
}

@inproceedings{10.1117/12.2078169,
author = {Yoav Grauer and Ezri Sonn},
title = {{Active gated imaging for automotive safety applications}},
volume = {9407},
booktitle = {Video Surveillance and Transportation Imaging Applications 2015},
editor = {Robert P. Loce and Eli Saber},
organization = {International Society for Optics and Photonics},
publisher = {SPIE},
pages = {112 -- 129},
keywords = {Active Gated Imaging System (AGIS), active safety, Advanced Driver Assistance Systems (ADAS), Gated CMOS Imager Sensor (GCMOS), Laser, Computer vision},
year = {2015},
doi = {10.1117/12.2078169},
URL = {https://doi.org/10.1117/12.2078169}
}

@inproceedings{dtof,
author = {Tasneem, Zaid and Wang, Dingkang and Xie, Huikai and Sanjeev, Koppal},
year = {2018},
month = {06},
pages = {},
title = {Directionally Controlled Time-of-Flight Ranging for Mobile Sensing Platforms},
doi = {10.15607/RSS.2018.XIV.011}
}

@INPROCEEDINGS{9105183,
  author={B. {Tilmon} and E. {Jain} and S. {Ferrari} and S. {Koppal}},
  booktitle={2020 IEEE International Conference on Computational Photography (ICCP)}, 
  title={FoveaCam: A MEMS Mirror-Enabled Foveating Camera}, 
  year={2020},
  volume={},
  number={},
  pages={1-11},
  doi={10.1109/ICCP48838.2020.9105183}}

@unknown{pittaluga2020,
author = {Pittaluga, Francesco and Tasneem, Zaid and Folden, Justin and Tilmon, Brevin and Chakrabarti, Ayan and Koppal, Sanjeev},
year = {2020},
month = {10},
pages = {},
title = {Towards a MEMS-based Adaptive LIDAR}
}

@unknown{Luminar2020,
author = {Luminar},
year = {2020},
url = {https://www.luminartech.com/luminar-launches-perception-engine-with-subscription-service/},
}

@INPROCEEDINGS{8369664,
  author={T. {Yamamoto} and Y. {Kawanishi} and I. {Ide} and H. {Murase} and F. {Shinmura} and D. {Deguchi}},
  booktitle={2018 International Workshop on Advanced Image Technology (IWAIT)}, 
  title={Efficient pedestrian scanning by active scan LIDAR}, 
  year={2018},
  volume={},
  number={},
  pages={1-4},
  doi={10.1109/IWAIT.2018.8369664}}

@inproceedings{isler2016information,
  title={An information gain formulation for active volumetric 3D reconstruction},
  author={Isler, Stefan and Sabzevari, Reza and Delmerico, Jeffrey and Scaramuzza, Davide},
  booktitle={2016 IEEE International Conference on Robotics and Automation (ICRA)},
  pages={3477--3484},
  year={2016},
  organization={IEEE}
}

@article{kriegel2015efficient,
  title={Efficient next-best-scan planning for autonomous 3D surface reconstruction of unknown objects},
  author={Kriegel, Simon and Rink, Christian and Bodenm{\"u}ller, Tim and Suppa, Michael},
  journal={Journal of Real-Time Image Processing},
  volume={10},
  number={4},
  pages={611--631},
  year={2015},
  publisher={Springer}
}

@article{daudelin2017adaptable,
  title={An adaptable, probabilistic, next-best view algorithm for reconstruction of unknown 3-D objects},
  author={Daudelin, Jonathan and Campbell, Mark},
  journal={IEEE Robotics and Automation Letters},
  volume={2},
  number={3},
  pages={1540--1547},
  year={2017},
  publisher={IEEE}
}

@misc{liu2019neural,
      title={Neural RGB->D Sensing: Depth and Uncertainty from a Video Camera}, 
      author={Chao Liu and Jinwei Gu and Kihwan Kim and Srinivasa Narasimhan and Jan Kautz},
      year={2019},
      eprint={1901.02571},
      archivePrefix={arXiv},
      primaryClass={cs.CV}
}

@misc{yang2019inferring,
      title={Inferring Distributions Over Depth from a Single Image}, 
      author={Gengshan Yang and Peiyun Hu and Deva Ramanan},
      year={2019},
      eprint={1912.06268},
      archivePrefix={arXiv},
      primaryClass={cs.CV}
}

@inproceedings{chang2018pyramid,
  title={Pyramid Stereo Matching Network},
  author={Chang, Jia-Ren and Chen, Yong-Sheng},
  booktitle={Proceedings of the IEEE Conference on Computer Vision and Pattern Recognition},
  pages={5410--5418},
  year={2018}
}

@misc{godard2017unsupervised,
      title={Unsupervised Monocular Depth Estimation with Left-Right Consistency}, 
      author={Clément Godard and Oisin Mac Aodha and Gabriel J. Brostow},
      year={2017},
      eprint={1609.03677},
      archivePrefix={arXiv},
      primaryClass={cs.CV}
}

@article{raaj2019,
  title={Light Curtain Simulator},
  url={https://github.com/soulslicer/lcsim},
  year={2019}
}

@misc{walz2020uncertainty,
      title={Uncertainty depth estimation with gated images for 3D reconstruction}, 
      author={Stefanie Walz and Tobias Gruber and Werner Ritter and Klaus Dietmayer},
      year={2020},
      eprint={2003.05122},
      archivePrefix={arXiv},
      primaryClass={eess.IV}
}

@misc{gruber2019gated2depth,
      title={Gated2Depth: Real-time Dense Lidar from Gated Images}, 
      author={Tobias Gruber and Frank Julca-Aguilar and Mario Bijelic and Werner Ritter and Klaus Dietmayer and Felix Heide},
      year={2019},
      eprint={1902.04997},
      archivePrefix={arXiv},
      primaryClass={cs.CV}
}

@misc{yao2018mvsnet,
      title={MVSNet: Depth Inference for Unstructured Multi-view Stereo}, 
      author={Yao Yao and Zixin Luo and Shiwei Li and Tian Fang and Long Quan},
      year={2018},
      eprint={1804.02505},
      archivePrefix={arXiv},
      primaryClass={cs.CV}
}